1981 1450
20 12 147 44 Lorem
160 12 276 54 ipsum
290 9 390 44 dolor
404 12 447 44 sit
460 16 561 51 amet,
577 16 795 44 consectetur
808 9 1003 54 adipiscing
1018 10 1086 51 elit,
1104 9 1166 44 sed
1179 9 1225 44 do
1240 9 1400 44 eiusmod
1412 16 1548 54 tempor
1561 9 1754 44 incididunt
1767 16 1804 44 ut
1817 9 1935 44 labore

21 79 53 107 et
67 72 187 107 dolore
201 83 328 117 magna
341 73 466 117 aliqua.
483 73 636 107 Placerat
649 75 723 107 orci
736 73 830 107 nulla
843 73 1082 117 pellentesque
1096 72 1281 117 dignissim
1295 75 1389 107 enim
1403 75 1446 107 sit
1460 79 1552 107 amet
1564 75 1743 107 venenatis
1757 84 1851 107 urna.

20 139 124 171 Risus
139 136 329 171 commodo
342 139 477 171 viverra
491 148 674 171 maecenas
689 148 877 171 accumsan
890 137 986 171 lacus
1000 137 1068 171 vel.
1085 136 1357 171 Condimentum
1369 139 1461 171 vitae
1477 139 1597 181 sapien
1609 137 1848 181 pellentesque

19 199 183 234 habitant.
199 202 312 234 Etiam
325 211 396 234 non
409 210 515 244 quam
528 200 624 234 lacus
640 199 873 244 suspendisse.
889 202 960 234 Dui
973 199 1009 234 id
1023 211 1143 234 ornare
1157 211 1239 234 arcu
1252 199 1335 234 odio
1348 206 1385 234 ut
1399 211 1475 234 sem
1488 200 1582 234 nulla
1595 200 1761 244 pharetra.
1777 202 1896 244 Ipsum

20 274 111 297 nunc
126 263 255 307 aliquet
267 262 459 297 bibendum
473 265 576 297 enim.
592 265 737 297 Laoreet
752 265 795 297 sit
808 269 900 297 amet
913 274 1033 297 cursus
1049 265 1092 297 sit
1105 269 1206 297 amet.
1222 265 1355 297 Mauris
1370 274 1490 297 cursus
1505 265 1619 297 mattis
1634 263 1795 297 molestie
1809 274 1829 297 a

20 327 142 361 iaculis
157 333 200 361 at.
216 329 436 361 Fermentum
449 327 572 361 iaculis
588 338 631 361 eu
644 338 715 361 non
728 326 823 361 diam
835 327 1012 371 phasellus
1026 326 1239 361 vestibulum
1252 327 1362 361 lorem
1377 326 1448 361 sed.
1464 329 1587 371 Neque
1600 329 1692 361 vitae
1705 333 1842 371 tempus

20 400 126 434 quam
138 390 377 434 pellentesque
391 401 455 424 nec
469 401 551 424 nam
564 390 717 434 aliquam
732 401 807 424 sem
821 396 862 424 et.
875 392 1002 434 Augue
1016 392 1143 424 mauris
1158 400 1271 434 augue
1285 400 1397 434 neque
1413 389 1554 434 gravida
1568 392 1604 424 in
1617 390 1826 424 fermentum
1841 396 1873 424 et

21 453 235 488 sollicitudin
248 465 299 488 ac.
315 453 485 488 Faucibus
499 456 591 488 vitae
605 454 735 498 aliquet
748 465 812 488 nec
826 454 1064 498 ullamcorper.

19 545 83 580 Vel
97 556 173 579 eros
188 544 300 579 donec
315 556 355 579 ac
369 544 452 579 odio
466 551 601 589 tempor
615 547 688 579 orci
701 544 859 589 dapibus.
876 544 1075 579 Commodo
1088 545 1320 589 ullamcorper
1333 556 1353 579 a
1366 545 1462 579 lacus
1476 544 1689 579 vestibulum
1703 544 1765 579 sed
1778 556 1860 579 arcu
1873 556 1944 579 non

20 607 103 642 odio
119 607 288 642 euismod.
304 610 413 642 Netus
429 614 461 642 et
475 607 676 642 malesuada
689 608 801 642 fames
816 619 856 642 ac
870 610 977 652 turpis
993 614 1127 652 egestas
1143 607 1205 642 sed
1217 614 1365 652 tempus.
1381 610 1422 642 Et
1436 608 1596 642 molestie
1610 619 1650 642 ac
1665 608 1797 652 feugiat
1811 607 1882 642 sed.

20 672 199 706 Phasellus
213 671 425 706 vestibulum
439 672 549 706 lorem
564 671 626 706 sed
639 674 737 706 risus.
753 674 835 706 Non
848 682 953 716 quam
967 672 1062 706 lacus
1078 671 1302 716 suspendisse
1316 671 1476 706 faucibus
1491 671 1662 706 interdum
1675 683 1823 716 posuere

20 735 131 769 lorem
144 737 269 779 ipsum.
286 734 325 769 Id
338 734 432 769 diam
445 746 629 769 maecenas
643 735 796 769 ultricies
811 737 860 769 mi
874 741 952 779 eget
965 737 1093 769 mauris
1107 735 1264 779 pharetra
1278 741 1319 769 et.
1336 737 1457 769 Massa
1471 741 1549 779 eget
1563 741 1698 779 egestas
1712 746 1817 779 purus

19 801 155 833 viverra
168 810 356 833 accumsan
369 801 405 833 in
419 799 487 833 nisl
500 801 568 833 nisi
582 799 802 843 scelerisque.
819 801 962 843 E.gestas
977 809 1113 843 congue
1128 801 1275 843 quisque
1290 805 1425 843 egestas
1440 798 1534 833 diam
1548 801 1584 833 in
1597 810 1678 833 arcu
1692 810 1811 833 cursus

21 861 182 896 euismod
195 864 283 906 quis.
298 864 467 906 Tristique
483 868 641 896 senectus
657 868 689 896 et
703 868 801 896 netus
817 868 849 896 et
863 861 1064 896 malesuada
1077 862 1189 896 fames
1204 873 1244 896 ac
1257 864 1365 906 turpis
1381 868 1526 906 egestas.
1542 861 1661 896 Morbi
1673 868 1810 906 tempus

20 925 142 959 iaculis
156 936 242 959 urna
255 924 291 959 id
303 925 460 969 volutpat
473 925 569 959 lacus
584 925 713 959 laoreet
727 936 807 959 non.
822 927 991 969 Tristique
1006 931 1165 959 senectus
1181 931 1213 959 et
1227 931 1325 959 netus
1341 931 1373 959 et
1386 924 1588 959 malesuada
1601 925 1713 959 fames
1728 936 1768 959 ac
1781 927 1900 969 turpis.

20 991 209 1023 Maecenas
223 989 380 1033 pharetra
393 989 563 1023 convallis
578 1000 726 1033 posuere
740 988 853 1023 morbi
866 989 933 1023 leo.
949 989 1071 1023 Mollis
1086 989 1240 1033 aliguam
1252 995 1289 1023 ut
1301 991 1459 1033 porttitor
1472 989 1528 1023 leo
1542 1000 1571 1023 a.

19 1080 83 1115 Vel
95 1080 252 1124 pharetra
264 1080 323 1114 vel
335 1082 442 1124 turpis
457 1091 548 1114 nunc
564 1086 650 1124 eget.
666 1082 814 1124 Tempus
828 1091 913 1114 urna
927 1086 960 1114 et
972 1080 1129 1124 pharetra
1141 1080 1307 1124 pharetra.
1323 1082 1442 1124 Ipsum
1455 1079 1556 1114 dolor
1570 1082 1613 1114 sit
1626 1086 1718 1114 amet

20 1150 244 1178 consectetur.
260 1144 409 1178 Ultrices
425 1146 557 1188 sagittis
572 1146 645 1178 orci
659 1155 679 1178 a
693 1144 903 1188 scelerisque
916 1155 1021 1188 purus
1037 1155 1173 1188 semper
1187 1150 1265 1188 eget
1278 1143 1355 1178 duis
1370 1150 1413 1178 at.
1429 1144 1553 1188 Ligula
1565 1144 1797 1188 ullamcorper

20 1206 221 1241 malesuada
234 1209 335 1251 proin
348 1206 458 1241 libero
472 1218 563 1241 nunc
577 1213 768 1251 consequat
781 1206 953 1241 interdum
966 1209 1092 1241 varius.
1108 1209 1259 1241 Pretium
1272 1217 1377 1251 quam
1389 1207 1567 1251 vulputate
1581 1206 1766 1251 dignissim

21 1269 245 1314 suspendisse
259 1272 295 1304 in
309 1276 360 1304 est
373 1276 451 1304 ante
465 1272 502 1304 in
515 1269 608 1304 nibh.
623 1270 737 1304 Tellus
752 1281 826 1304 cras
841 1269 1036 1314 adipiscing
1051 1272 1145 1304 enim
1159 1281 1202 1304 eu
1215 1272 1322 1314 turpis
1338 1276 1483 1314 egestas.
1499 1272 1619 1304 Mattis
1633 1270 1872 1314 pellentesque
1886 1269 1922 1304 id

20 1333 104 1368 nibh
117 1340 223 1368 tortor
236 1333 272 1368 id
286 1334 415 1378 aliquet
428 1334 537 1368 lectus
551 1336 661 1378 proin.
677 1336 780 1368 Enim
792 1333 925 1368 blandit
938 1334 1095 1378 volutpat
1108 1345 1292 1368 maecenas
1306 1334 1462 1378 volutpat
1475 1333 1608 1368 blandit
1621 1334 1774 1378 aliquam
1789 1336 1893 1368 etiam

21 1403 91 1431 erat
103 1397 197 1431 velit.
213 1399 289 1431 Nec
303 1408 384 1431 nam
397 1397 551 1441 aliquam
565 1408 640 1431 sem
654 1403 686 1431 et
699 1403 805 1431 tortor
819 1403 1009 1441 consequat
1022 1396 1059 1431 id
1071 1403 1169 1441 porta
1182 1396 1276 1431 nibh.
